
@misc{land_latex_2018,
	title = {{LaTeX} tips en trick die wat complexer zijn. {Contribute} to ddland/{LaTeX}-advanced development by creating an account on {GitHub}},
	howpublished = {website: \url{https://github.com/ddland/LaTeX-advanced}},
	urldate = {2018-10-03},
	author = {Land, Derek},
	month = oct,
	year = {2018},
	note = {geopend: 2018-10-02}
}
